<record><leader>00000cas a22000007a 4500</leader><controlfield tag="001">26521040</controlfield><controlfield tag="008">920902d19061935nyuwr ne      0    0eng d</controlfield><datafield ind1=" " ind2=" " tag="010"><subfield code="a">sn 92062089 </subfield></datafield><datafield ind1=" " ind2=" " tag="040"><subfield code="a">NYS</subfield><subfield code="b">eng</subfield><subfield code="c">NYS</subfield><subfield code="d">OCLCQ</subfield></datafield><datafield ind1=" " ind2=" " tag="042"><subfield code="a">msc</subfield></datafield><datafield ind1="0" ind2="0" tag="245"><subfield code="a">Silver Creek news.</subfield></datafield><datafield ind1=" " ind2=" " tag="260"><subfield code="a">Silver Creek, Chautauqua Co., N.Y. :</subfield><subfield code="b">A.J. Salisbury</subfield></datafield><datafield ind1=" " ind2=" " tag="300"><subfield code="a">v.</subfield></datafield><datafield ind1=" " ind2=" " tag="310"><subfield code="a">Weekly</subfield></datafield><datafield ind1="0" ind2=" " tag="362"><subfield code="a">Vol. 1, no. 1 (May 24, 1906)-v. 20 (Apr. 25, 1935).</subfield></datafield><datafield ind1=" " ind2=" " tag="500"><subfield code="a">Publishers: A.J. Salisbury, 1906-&lt;1910&gt;; Merton Cook, &lt;1912&gt;; J.W. Shaw, &lt;1913&gt;; C.J. Bellinger, &lt;1914-1917&gt;; E.Z. Bowerman, &lt;1928-1934&gt;.</subfield></datafield><datafield ind1=" " ind2=" " tag="515"><subfield code="a">Issue numbering dropped some time after vol. 9, no. 27 (Nov. 25, 1914) and before v. 11 (Jan. 7, 1915).</subfield></datafield><datafield ind1=" " ind2=" " tag="515"><subfield code="a">Vol. numbering remained at 20 from 1927-1935.</subfield></datafield><datafield ind1=" " ind2="4" tag="651"><subfield code="a">Silver Creek (N.Y.)</subfield><subfield code="v">Newspapers.</subfield></datafield><datafield ind1=" " ind2="4" tag="651"><subfield code="a">Chautauqua County (N.Y.)</subfield><subfield code="v">Newspapers.</subfield></datafield><datafield ind1=" " ind2=" " tag="752"><subfield code="a">United States</subfield><subfield code="b">New York</subfield><subfield code="c">Chautauqua</subfield><subfield code="d">Silver Creek.</subfield></datafield><datafield ind1="0" ind2="7" tag="785"><subfield code="t">Silver Creek times</subfield><subfield code="w">(DLC)sn 93036738</subfield></datafield><datafield ind1="0" ind2="7" tag="785"><subfield code="t">Silver Creek news and times</subfield><subfield code="w">(DLC)sn 93036739</subfield></datafield><datafield ind1="1" ind2=" " tag="029"><subfield code="a">AU@</subfield><subfield code="b">000020725630</subfield></datafield></record>